@book{Field_Guide_to_Atmospheric_Optics,
    author = {Andrews, Larry C.},
    title = {Field Guide to Atmospheric Optics},
    publisher = {SPIE press},
    year = 2004,
}

@incollection{Schmidt:Fresnel,
    author = {Schmidt, Jason D.},
    title = {Chapter 6: Fresnel Diffraction in Vacuum},
    booktitle = {Numerical Simulation of Optical Wave Propagation},
    publisher = {SPIE press},
    year = 2010,
    pages = {87-95}
}

@incollection{Schmidt:Fraunhofer,
    author = {Schmidt, Jason D.},
    title = {Chapter 4: Fraunhofer Diffraction and Lenses},
    booktitle = {Numerical Simulation of Optical Wave Propagation},
    publisher = {SPIE press},
    year = 2010,
    pages = {55-58}
}

@incollection{Laser_Beam_Propagation_Through_Random_Media,
    author = {Andrews, Larry C. and Phillips, Ronald L.},
    title = {},
    booktitle = {Laser Beam Propagation Through Random Media},
    publisher = {SPIE press},
    year = 2005,
}

@incollection{Hecht_Optics-Chapter3_EM_Waves,
    author = {Hecht, Eugene},
    title = {Chapter 3: Electromagnetic Theroy, Photons and Light},
    booktitle = {Optics},
    publisher = {Pearson},
    edition = {5},
    year = 2017,
}

@incollection{Hecht_Optics-Visible_Light,
    author = {Hecht, Eugene},
    title = {Chapter 3: Electromagnetic Theroy, Photons and Light},
    booktitle = {Optics},
    publisher = {Pearson},
    edition = {5},
    year = 2017,
    pages = {84-87}
}

@incollection{Hecht:Refractive_Index,
    author = {Hecht, Eugene},
    title = {Chapter 4: The Propagation of Light},
    booktitle = {Optics},
    publisher = {Pearson},
    edition = {5},
    year = 2017,
    pages = {103}
}

@incollection{Hecht_Optics-Appendix1,
    author = {Hecht, Eugene},
    title = {Appendix 1},
    booktitle = {Optics},
    publisher = {Pearson},
    edition = {5},
    year = 2017,
    pages = {678-679}
}

@incollection{Optical_Turbulence_in_the_Atmosphere-LBPTRM,
    author = {Andrews, Larry C. and Phillips, Ronald L.},
    title = {Optical Turbulence in the Atmosphere},
    booktitle = {Laser Beam Propagation Through Random Media},
    publisher = {SPIE press},
    year = 2005,
    pages = {58-65},
}

@incollection{Thesis_Herbert:2020,
    author = {Herbert Bravo},
    title = {Capitulo 3: Procedimiento},
    booktitle = {Desarrollo de Programa para la Simulación de Vórtices Ópticos Perfectos},
    publisher = {Universidad de los Andes},
    year = {2020},
    pages = {20-35},
}

@incollection{Thesis_Herbert_PerfectVortices:2020,
    author = {Herbert Bravo},
    title = {Capitulo 2: Marco Teórico},
    booktitle = {Desarrollo de Programa para la Simulación de Vórtices Ópticos Perfectos},
    publisher = {Universidad de los Andes},
    year = {2020},
    pages = {14},
}

@article{Yao-Padgett:2011,
    author = {Yao, Alison M. and Padgett, Miles J.},
    journal = {Adv. Opt. Photon.},
    keywords = {Optical vortices ; Singular optics ; Imaging systems; Laser beams; Light beams; Optical vortices; Polarized light; Quantum optics},
    number = {2},
    pages = {161-204},
    publisher = {OSA},
    title = {Orbital angular momentum: origins, behavior and applications},
    volume = {3},
    month = {Jun},
    year = {2011},
    url = {http://aop.osa.org/abstract.cfm?URI=aop-3-2-161},
    doi = {10.1364/AOP.3.000161},
}

@article{Yao-Padgett:2011-door_example,
    author = {Yao, Alison M. and Padgett, Miles J.},
    journal = {Adv. Opt. Photon.},
    keywords = {Optical vortices ; Singular optics ; Imaging systems; Laser beams; Light beams; Optical vortices; Polarized light; Quantum optics},
    number = {2},
    pages = {164},
    publisher = {OSA},
    title = {Orbital angular momentum: origins, behavior and applications},
    volume = {3},
    month = {Jun},
    year = {2011},
    url = {http://aop.osa.org/abstract.cfm?URI=aop-3-2-161},
    doi = {10.1364/AOP.3.000161},
}

@article{Willner:2015,
    author = {A. E. Willner and H. Huang and Y. Yan and Y. Ren and N. Ahmed and G. Xie and C. Bao and L. Li and Y. Cao and Z. Zhao and J. Wang and M. P. J. Lavery and M. Tur and S. Ramachandran and A. F. Molisch and N. Ashrafi and S. Ashrafi},
    journal = {Adv. Opt. Photon.},
    keywords = {Multiplexing; Optical communications; Optical vortices ; Electric fields; Fiber optic communications; Free space optics; Light beams; Space division multiplexing; Whispering gallery modes},
    number = {1},
    pages = {66--106},
    publisher = {OSA},
    title = {Optical communications using orbital angular momentum beams},
    volume = {7},
    month = {Mar},
    year = {2015},
    url = {http://aop.osa.org/abstract.cfm?URI=aop-7-1-66},
    doi = {10.1364/AOP.7.000066},
}

@article{Ren:2013,
    author = {Yongxiong Ren and Hao Huang and Guodong Xie and Nisar Ahmed and Yan Yan and Baris I. Erkmen and Nivedita Chandrasekaran and Martin P. J. Lavery and Nicholas K. Steinhoff and Moshe Tur and Samuel Dolinar and Mark Neifeld and Miles J. Padgett and Robert W. Boyd and Jeffrey H. Shapiro and Alan E. Willner},
    journal = {Opt. Lett.},
    keywords = {Atmospheric turbulence; Multiplexing; Free-space optical communication; Atmospheric turbulence; High power fiber amplifiers; Mode division multiplexing; Spatial light modulators; Turbulence effects; Wavelength division multiplexing},
    number = {20},
    pages = {4062--4065},
    publisher = {OSA},
    title = {Atmospheric turbulence effects on the performance of a free space optical link employing orbital angular momentum multiplexing},
    volume = {38},
    month = {Oct},
    year = {2013},
    url = {http://ol.osa.org/abstract.cfm?URI=ol-38-20-4062},
    doi = {10.1364/OL.38.004062},
}

@online{Photophone-ScA,
    author = {Scientific-American},
    title = {The Photophone},
    year = 1880,
    month = 09,
    url = "https://www.scientificamerican.com/article/the-photophone/",
    addendum = "(accedido: 30.04.2020)",
}

@article{Allen_OAM:1992,
    author = {Allen, Les and Beijersbergen, Marco and Spreeuw, Robert and Woerdman, J.},
    year = {1992},
    month = {07},
    pages = {8185-8189},
    title = {Orbital angular momentum of light and transformation of Laguerre Gaussian Laser modes},
    volume = {45},
    journal = {Physical review. A},
    doi = {10.1103/PhysRevA.45.8185}
}

@article{Anguita:08,
    author = {Anguita, Jaime A. and Neifeld, Mark A. and Vasic, Bane V.},
    journal = {Appl. Opt.},
    keywords = {Atmospheric propagation; Laser beam transmission; Turbulence; Volume gratings ; Multiplexing; Free-space optical communication; Optical vortices ; Atmospheric turbulence; Light beams; Light properties; Optical turbulence; Optical vortices; Turbulence effects},
    number = {13},
    pages = {2414--2429},
    publisher = {OSA},
    title = {Turbulence-induced channel crosstalk in an orbital angular momentum-multiplexed free-space optical link},
    volume = {47},
    month = {May},
    year = {2008},
    url = {http://ao.osa.org/abstract.cfm?URI=ao-47-13-2414},
    doi = {10.1364/AO.47.002414},
}

@article{Gibson:04,
    author = {Gibson, Graham and Courtial, Johannes and Padgett, Miles J. and Vasnetsov, Mikhail and Pas'ko, Valeriy and Barnett, Stephen M. and Franke-Arnold, Sonja},
    journal = {Opt. Express},
    keywords = {Laser beam transmission; Optical communications; Diffractive optics; Beam structure; Circular polarization; Laser beams; Light beams; Optical angular momentum; Quantum cryptography},
    number = {22},
    pages = {5448--5456},
    publisher = {OSA},
    title = {Free-space information transfer using light beams carrying orbital angular momentum},
    volume = {12},
    month = {Nov},
    year = {2004},
    url = {http://www.opticsexpress.org/abstract.cfm?URI=oe-12-22-5448},
    doi = {10.1364/OPEX.12.005448},
}

@article{Rodenburg:12,
    author = {Rodenburg, Brandon and Lavery, Martin P. J. and Malik, Mehul and O'Sullivan, Malcolm N. and Mirhosseini, Mohammad and Robertson, David J. and Padgett, Miles and Boyd, Robert W.},
    journal = {Opt. Lett.},
    keywords = {Atmospheric turbulence; Quantum communications ; Quantum information and processing ; Atmospheric turbulence; Free space optics; Light beams; Quantum key distribution; Spatial light modulators; Turbulence effects},
    number = {17},
    pages = {3735--3737},
    publisher = {OSA},
    title = {Influence of atmospheric turbulence on states of light carrying orbital angular momentum},
    volume = {37},
    month = {Sep},
    year = {2012},
    url = {http://ol.osa.org/abstract.cfm?URI=ol-37-17-3735},
    doi = {10.1364/OL.37.003735},
}

@article{Funes:17,
    author = {Funes, Gustavo and Anguita, Jaime A.},
    journal = {Opt. Lett.},
    keywords = {Laser beam transmission; Digital image processing; Optical vortices ; Adaptive optics; Atmospheric turbulence; Image processing; Laser beams; Optical wireless communication; Phase retrieval},
    number = {9},
    pages = {1836--1839},
    publisher = {OSA},
    title = {On the cancellation of OAM beams propagating through convective turbulence},
    volume = {42},
    month = {May},
    year = {2017},
    url = {http://ol.osa.org/abstract.cfm?URI=ol-42-9-1836},
    doi = {10.1364/OL.42.001836},
}

@article{Kotlyar:16,
    author = {Victor V. Kotlyar and Alexey A. Kovalev and Alexey P. Porfirev},
    journal = {J. Opt. Soc. Am. A},
    keywords = {Diffraction theory; Propagation; Optical vortices ; Optical elements; Optical vortices; Parametric down conversion; Phase plates; Photonic entanglement; Spiral phase},
    number = {12},
    pages = {2376--2384},
    publisher = {OSA},
    title = {Optimal phase element for generating a perfect optical vortex},
    volume = {33},
    month = {Dec},
    year = {2016},
    url = {http://josaa.osa.org/abstract.cfm?URI=josaa-33-12-2376},
    doi = {10.1364/JOSAA.33.002376},
}



@article{Ren:13,
    author = {Yongxiong Ren and Hao Huang and Guodong Xie and Nisar Ahmed and Yan Yan and Baris I. Erkmen and Nivedita Chandrasekaran and Martin P. J. Lavery and Nicholas K. Steinhoff and Moshe Tur and Samuel Dolinar and Mark Neifeld and Miles J. Padgett and Robert W. Boyd and Jeffrey H. Shapiro and Alan E. Willner},
    journal = {Opt. Lett.},
    keywords = {Atmospheric turbulence; Multiplexing; Free-space optical communication; Atmospheric turbulence; High power fiber amplifiers; Mode division multiplexing; Spatial light modulators; Turbulence effects; Wavelength division multiplexing},
    number = {20},
    pages = {4062--4065},
    publisher = {OSA},
    title = {Atmospheric turbulence effects on the performance of a free space optical link employing orbital angular momentum multiplexing},
    volume = {38},
    month = {Oct},
    year = {2013},
    url = {http://ol.osa.org/abstract.cfm?URI=ol-38-20-4062},
    doi = {10.1364/OL.38.004062},
}

@article{Funes:15,
    author = {Funes, Gustavo and Vial, Matías and Anguita, Jaime A.},
    journal = {Opt. Express},
    keywords = {Atmospheric propagation; Optical communications; Optical vortices ; Atmospheric turbulence; Laser beams; Laser communications; Optical vortices; Single mode fibers; Spatial filtering},
    number = {18},
    pages = {23133--23142},
    publisher = {OSA},
    title = {Orbital-angular-momentum crosstalk and temporal fading in a terrestrial laser link using single-mode fiber coupling},
    volume = {23},
    month = {Sep},
    year = {2015},
    url = {http://www.opticsexpress.org/abstract.cfm?URI=oe-23-18-23133},
    doi = {10.1364/OE.23.023133},
}

@article{Liu_decimalOAM:2019,
    title = {Superhigh-Resolution Recognition of Optical Vortex Modes Assisted by a Deep-Learning Method},
    author = {Liu, Zhanwei and Yan, Shuo and Liu, Haigang and Chen, Xianfeng},
    journal = {Phys. Rev. Lett.},
    volume = {123},
    issue = {18},
    pages = {183902},
    numpages = {6},
    year = {2019},
    month = {Oct},
    publisher = {American Physical Society},
    doi = {10.1103/PhysRevLett.123.183902},
    url = {https://link.aps.org/doi/10.1103/PhysRevLett.123.183902}
}

@article{OAM_states_Carbone:2013,
    title = {The Generation of Higher-order Laguerre-Gauss Optical Beams for High-precision Interferometry},
    author = {Ludovico Carbone and Paul Fulda and Charlotte Bond and Frank Brueckner and Daniel Brown and Mengyao Wang and Deepali Lodhia and Rebecca Palmer and Andreas Freise},
    journal = {Journal of Visualized Experiments, Engineering},
    publisher = {JoVE},
    year = {2013},
    month = {Aug},
    day = {12},
    doi = {10.3791/50564},
    url = {https://www.jove.com/t/50564/the-generation-higher-order-laguerre-gauss-optical-beams-for-high},
}

@misc{Light_EM_Wave_Figure,
    author = "Geert J. J. Verhoeven",
    title = "The reflection of two fields - Electromagnetic radiation and its role in (aerial) imaging - Scientific Figure on ResearchGate",
    howpublished = "\url{https://www.researchgate.net/figure/An-electromagnetic-wave-consisting-of-electric-and-magnetic-oscillating-fields-In-this_fig1_320616988}",
    note = "Retrieved: 08.11.2020",
    year = "2017",
}

@misc{FiberOptics_Modes,
    author = "Rüdiger Paschotta",
    title = "Modes",
    howpublished = "\url{https://www.rp-photonics.com/modes.html}",
    note = "Retrieved: 06.15.2020", 
    year = "2006",
    month = "08",
    day = "25",
}

@misc{LP_Modes,
    author = "Rüdiger Paschotta",
    title = "LP Modes",
    howpublished = "\url{https://www.rp-photonics.com/lp_modes.html}",
    note = "Retrieved: 06.15.2020",
    year = "2011",
    month = "04",
    day = "07",
}

@misc{FiberOptics_Refractive_Index,
    author = "Rüdiger Paschotta",
    title = "Step-index Fibers",
    howpublished = {\url{https://www.rp-photonics.com/step_index_fibers.html}},
    note = "Retrieved: 06.15.2020",
    year = "2005",
    month = "02",
    day = "20",
}

@misc{Single-Mode_Fiber_Optic,
    author = {Rüdiger Paschotta},
    title = {Single-mode Fibers},
    note = {Retrieved 06.15.2020},
    howpublished = {\url{https://www.rp-photonics.com/single_mode_fibers.html}},
    year = {2008},
    month = {04},
    day = {09},
}

@misc{EM_Spectrum-Figure,
    author = "Radio2Space",
    title = "Components of electromagnetic spectrum",
    howpublished = "\url{https://www.radio2space.com/components-of-electromagnetic-spectrum/}",
    note = "Retrieved: 08.11.2020",
    year = 2013,
}

@misc{u_parameter_explanation-figure,
    author = "Mark Wickert",
    title = "Electromagnetic Fields I, Lecture Notes, Chapter 1: Introduction: Waves and Phasors",
    howpublished = "\url{http://www.eas.uccs.edu/~mwickert/ece3110/lecture_notes/N3110_1.pdf}",
    note = "Retrieved: 08.11.2020",
    year = "2016",
}

@misc{Linear_Polarization_Figure,
    author = "Pearson Learning",
    title = "What is polarized light?",
    howpublished = "\url{https://socratic.org/questions/58f0fd7e7c0149308e221579}",
    note = "Retrieved: 08.13.2020",
    year = "2017",
}

@misc{Unpolarized_Light_Figure,
    author = "David Dechow",
    title = "Polarization 101: Concepts, techniques, and technologies",
    howpublished = "\url{https://www.vision-systems.com/lighting-optics/article/14092924/polarization-definition-of-concepts-techniques-technologies}",
    note = "Retrieved: 08.13.2020",
    year = "2020",
}

@misc{Types_of_Polarization_Figure,
    author = "meyavuz",
    title = "Linear, Circular and Elliptical Polarization Animation in a Single Shot",
    howpublished = "\url{https://www.youtube.com/watch?v=Q0qrU4nprB0}",
    note = "Retrieved: 08.13.2020",
    year = "2011",
}

@misc{Optical_Fiber_Modes,
    author = "Rüdiger Paschotta",
    title = "Modes",
    howpublished = "\url{https://www.rp-photonics.com/modes.html}",
    note = "Retrieved: 08.20.2020",
}

@misc{Speed_of_Light:NIST,
    author = "{N}ational {I}nstitute of {S}tandards and {T}echnology",
    title = "Current definitions of the {SI} base units",
    howpublished = "\url{https://physics.nist.gov/cuu/Units/current.html}",
    note = "Retrieved: 10.20.2020",
    year = "1998",
}

@misc{Conversions:NIST,
    author = "{N}ational {I}nstitute of {S}tandards and {T}echnology",
    title = "Approximate Conversions from Metric to {U.S.} Customary Measures",
    howpublished = "\url{https://www.nist.gov/pml/weights-and-measures/approximate-conversions-metric-us-customary-measures}",
    note = "Retrieved: 10.20.2020",
    year = "2010",
}

@misc{Wikimedia:SAM_vs_OAM,
    author = "E-karimi",
    title = "Light beam interacting with small particle for two different cases , which beam posses spin and orbital angular momentum.",
    howpublished = "\url{https://commons.wikimedia.org/wiki/File:Sam-oam-interaction.png}",
    note = "Retrieved: 08.08.2020",
    year = "2011",
    month = "09",
    day = "22",
}

@misc{GaussianBeamParameters,
    author = "DrBob",
    title = {Diagram of Gaussian beam waist parameters.
    Explains "Spot size" or "Focus Size", and "depth of focus"},
    howpublished = "\url{https://commons.wikimedia.org/wiki/File:GaussianBeamWaist.svg}",
    note = "Retrieved: 08.18.2020",
    year = "2009",
    month = "02",
    day = "20",
}

@misc{Near-Far_Field_Diff,
    author = {TutorsGlobe},
    title = {Fraunhoffer Diffraction, Physics Tutorial},
    howpublished = {\url{http://www.tutorsglobe.com/homework-help/physics/fraunhofer-diffraction-75427.aspx}},
    note = {Retrieved: 11.02.2020},
    year = {2015},
}

@misc{Schmidt-Cassegrain_Pics,
    author = {BHPhoto},
    title = {Celestron NexStar 6SE 150mm f/10 Schmidt-Cassegrain GoTo Telescope},
    howpublished = {\url{https://www.bhphotovideo.com/c/product/440825-REG/Celestron_11068_NexStar_6_SE_6_0_150mm.html}},
    note = {Retrieved: 10.13.2020},
    year = {2020},
}

@misc{besselzero-MathWorks,
    author = {Jason Nicholson},
    title = {Bessel Zero Solver},
    howpublished = {\url{https://www.mathworks.com/matlabcentral/fileexchange/48403-bessel-zero-solver}},
    note = {Retrieved: 09.05.2020},
    year = {2018},
}
